@book{FR_2014,
	title = {Perturbative algebraic quantum field theory},
	author = {Fredenhagen, Klaus and Rejzner, Katarzyna},
	year = {2014},
	eprinttype = {arxiv},
	eprint = {1208.1428},
	url = {http://arxiv.org/abs/1208.1428}
}

@book{PS_1995,
	title = {An Introduction To Quantum Field Theory},
	author = {Peskin, Michael Edward and Schroeder, Daniel V},
        year = {1995},	
        publisher = {Westview Press},
        url = {http://www.worldcat.org/title/introduction-to-quantum-field-theory/oclc/741492433&referer=brief_results}
}

@book{IZ_1980,
	title = {Quantum field theory},
        author = {Itzykson, Claude and Zuber, Jean Bernard},	
	year = {1980},
        publisher = {McGraw-Hill International Book Co.},
        url = {http://www.worldcat.org/title/quantum-field-theory/oclc/4494256&referer=brief_results}
}

@book{STEINMANN_1971,
	title = {Perturbation Expansions in Axiomatic Field Theory},
	author = {Steinmann},
	year = {1971},
	publisher = {Berlin, New York, Springer-Verlag},
        url = {http://www.worldcat.org/title/perturbation-expansions-in-axiomatic-field-theory/oclc/251517&referer=brief_results}
}

@book{MORETTI_2013,
	title = {Spectral Theory and Quantum Mechanics},
	author = {Moretti, Valter},
	year = {2013},
	publisher = {Milan : Springer Verlag},
        doi = {10.1007/978-88-470-2835-7}
}

@book{HACK_2015,
	title = {Cosmological Applications of Algebraic Quantum Field Theory in Curved Spacetimes},
	author = {Hack, Thomas-Paul},
	year = {2015-06-05},
	url = {http://arxiv.org/abs/1506.01869},
	publisher = {Springer Verlag},
        url = {http://www.worldcat.org/title/cosmological-applications-of-algebraic-quantum-field-theory-in-curved-spacetimes/oclc/918941162&referer=brief_results}
}

@book{BOURBAKI_1987,
	title = {Topological Vector Spaces},
	author = {Bourbaki, Nicolas},
	year = {1987},
	publisher = {Springer Berlin Heidelberg},
        url = {http://www.worldcat.org/title/topological-vector-spaces/oclc/17499190&referer=brief_results}
}

@book{BGP_2007,
	title = {Wave Equations on Lorentzian Manifolds and Quantization},
	author = {Baer, Christian and Ginoux, Nicolas and Pfaeffle, Frank},
	year = {2007},
	url = {http://arxiv.org/abs/0806.1036}
        publisher = {Zürich, Switzerland : European Mathematical Society},
        url = {http://www.worldcat.org/title/wave-equations-on-lorentzian-manifolds-and-quantization/oclc/137293342&referer=brief_results}
}

@book{WALD_1984,
	title = {General Relativity},
	author = {Wald, R},
        year = {1984},
        publisher = {University of Chicago Press},
        url = {http://www.worldcat.org/title/general-relativity/oclc/10018614&referer=brief_results}
}

@book{HORMANDER_1990,
	title = {The Analysis of Linear Partial Differential Operators I},
	author = {Hörmander, Lars},
	year = {1990},
	publisher = {Springer Berlin Heidelberg},
        url = {http://www.worldcat.org/title/analysis-of-linear-partial-differential-operators-tome-1-distribution-therory-and-fourier-analysis/oclc/26033278&referer=brief_results}
}

@book{CONNES_1994,
	title = {Noncommutative Geometry},
	author = {Connes, A.},
	year = {1994},
	url = {http://www.alainconnes.org/docs/book94bigpdf.pdf},
        publisher = {San Diego, Academic Press},
        url = {http://www.worldcat.org/title/noncommutative-geometry/oclc/785780361&referer=brief_results}
}

@book{KOSZUL_1960,
	title = {Lectures on fibre bundles and differential geometry},
	author = {Koszul, J. L},
	year = {1960},
	publisher = {Bombay, Tata Institute of Fundamental Research},
        url = {http://www.worldcat.org/title/lectures-on-fibre-bundles-and-differential-geometry/oclc/312660&referer=brief_results}
}

@book{ONEIL_1983,
	title = {Semi-Riemannian geometry: with applications to relativity},
	author = {O'Neill, Barrett},
	year = {1983},
        publisher = {Academic Press},
        url = {http://www.worldcat.org/title/semi-riemannian-geometry-with-applications-to-relativity/oclc/8708965&referer=brief_results}
}

@book{MADORE_1999,
	title = {An introduction to noncommutative differential geometry and its physical applications},
	author = {Madore, J},
	year = {1999},
        publisher = {Cambridge University Press},
        url = {http://www.worldcat.org/title/introduction-to-noncommutative-differential-geometry-and-its-physical-applications/oclc/837232433&referer=brief_results}
}

@thesis{DEGNER_2013,
	title = {Properties of States of Low Energy on Cosmological Spacetimes},
	author = {Andreas Degner},
	year = {2013},
	institution = {Universität Hamburg},
	type = {phdthesis},
        url = {http://www.desy.de/uni-th/theses/Diss_Degner.pdf}
}

@thesis{SCHLEMMER_2010,
	title = {Local Thermal Equilibrium on Cosmological Spacetimes},
	author = {J. Schlemmer},
	year = {2010},
	institution = {Universität Leipzig},
	type = {phdthesis},
        url = {http://www.lqp2.org/node/1045}
}

@thesis{BLASCHKE_2008,
	title = {Towards consistent non-commutative Gauge Theories},
	author = {Blaschke, Daniel},
	year = {2008},
        institution = {Universität Wien Fakultät für Physik},
	type = {phdthesis},
        url = {https://inspirehep.net/record/1113355/files/AC05036560.pdf}
}

@thesis{LINDNER_2013,
	title = {Perturbative Algebraic Quantum Field Theory at Finite Temperature},
	author = {Lindner, Falk},
        year = {2013},
	institution = {Universität Hamburg},
	type = {phdthesis},
        url = {http://www-library.desy.de/preparch/desy/thesis/desy-thesis-13-029.pdf}
}

@thesis{SIEMSSEN_2015,
	title = {The Semiclassical Einstein Equation on Cosmological Spacetimes},
	author = {Siemssen, Daniel},
	year = {2015},
	institution = {Università degli studi di Genova},
        type = {phdthesis},
        url = {http://arxiv.org/abs/1503.01826}
}

@thesis{DANG_2013,
	title = {Renormalization of quantum field theory on curved space-times: a causal approach.},
	author = {Dang, Nguyen Viet},
	year = {2013},
	institution = {Université Paris-Diderot - Paris VII},
	type = {phdthesis},
	url = {https://tel.archives-ouvertes.fr/tel-00918759/document},
}

@thesis{HACK_2010,
	title = {On the Backreaction of Scalar and Spinor Quantum Fields in Curved Spacetimes - From the Basic Foundations to Cosmological Applications},
	author = {Hack, Thomas-Paul},
	year = {2010},
	institution = {Universität Hamburg},
	type = {phdthesis},
	eprinttype = {arxiv},
	eprint = {1008.1776},
	url = {http://arxiv.org/abs/1008.1776}
}

@thesis{KELLER_2010,
	title = {Dimensional Regularization in Position Space and a Forest Formula for Regularized Epstein-Glaser Renormalization},
	author = {Keller, Kai Johannes},
	year = {2010},
	institution = {Universität Hamburg},
	type = {phdthesis},
	eprinttype = {arxiv},
	eprint = {1006.2148},
	url = {http://arxiv.org/abs/1006.2148}
}

@article{GHP_2015,
	title = {An analytic regularisation scheme on curved spacetimes with applications to cosmological spacetimes},
	author = {Géré, Antoine and Hack, Thomas-Paul and Pinamonti, Nicola},
	year = {2015},
	eprinttype = {arxiv},
	eprint = {1505.00286},
	url = {http://arxiv.org/abs/1505.00286}
}

@article{GW_2015,
	title = {Spectral theorem in noncommutative field theories: Jacobi dynamics},
	author = {Géré, Antoine and Wallet, Jean-Christophe},	
	year = {2014},
	eprinttype = {arxiv},
	eprint = {1402.6976},
        url = {http://arxiv.org/abs/1402.6976},
        journal = {J. Phys. Conf. Ser.},
        volume = {634},
        pages = {012006},
        doi = {10.1088/1742-6596/634/1/012006}
}

@article{DFR_1994,
	title = {Spacetime quantization induced by classical gravity},
	author = {Doplicher, Sergio and Fredenhagen, Klaus and Roberts, John E.},
	year = {1994}
	journal = {Physics Letters B},
	volume = {331},
	pages = {39--44},
	doi = {10.1016/0370-2693(94)90940-7}
}

@article{GJW_2015,
	title = {Noncommutative gauge theories on $\mathbb{R}^3_\lambda$: Perturbatively finite models},
	author = {Géré, Antoine and Jurić, Tajron and Wallet, Jean-Christophe},
	year = {2015},
	eprinttype = {arxiv},
	eprint = {1507.08086},
	url = {http://arxiv.org/abs/1507.08086}
}

@article{VW_2013,
	title = {Noncommutative field theories on $\mathbb{R}^3_\lambda$: Towards UV/IR mixing freedom},
	author = {Vitale, Patrizia and Wallet, Jean-Christophe},
	year = {2013},
	eprinttype = {arxiv},
	eprint = {1212.5131},
        url = {http://arxiv.org/abs/1212.5131},
        journal = {Journal of High Energy Physics},	
	volume = {2013},
        pages = {115},
	doi = {10.1007/JHEP04(2013)115}
}

@article{WALLET_2009,
	title = {Derivations of the Moyal Algebra and Noncommutative Gauge Theories},
	author = {Wallet, Jean-Christophe},
	year = {2009},
	eprinttype = {arxiv},
	eprint = {0811.3850},
	url = {http://arxiv.org/abs/0811.3850},
	journal = {Symmetry, Integrability and Geometry: Methods and Applications},
        volume = {5},
        pages = {013},
	doi = {10.3842/SIGMA.2009.013}
}

@article{DV_1999,
	title = {Lectures on graded differential algebras and noncommutative geometry},
	author = {Dubois Violette, Michel},
	year = {1999},
	eprinttype = {arxiv},
	eprint = {math/9912017},
	url = {http://arxiv.org/abs/math/9912017},
}

@article{VITALE_2014,
	title = {Noncommutative field theory on $\mathbb{R}^3_\lambda$},
	author = {Vitale, Patrizia},
	year = {2014},	
	eprinttype = {arxiv},
	eprint = {1406.1372},
	url = {http://arxiv.org/abs/1406.1372},
	journal = {Fortschritte der Physik},
        volume = {62},
	pages = {825--834},
	doi = {10.1002/prop.201400037},
}

@article{HLSJ_2002,
	title = {Coherent State Induced Star-Product on $\mathbb{R}^3_\lambda$ and the Fuzzy Sphere},
	author = {Hammou, A. B. and Lagraa, M. and Sheikh-Jabbari, M. M.},
        year = {2002},
	eprinttype = {arxiv},
	eprint = {hep-th/0110291},
	url = {http://arxiv.org/abs/hep-th/0110291},
	journal = {Physical Review D},
	volume = {66},
        pages = {025025},
	doi = {10.1103/PhysRevD.66.025025}
}

@article{MVRS_2000,
	title = {Noncommutative perturbative dynamics},
	author = {Minwalla, Shiraz and Raamsdonk, Mark Van and Seiberg, Nathan},
	year = {2000},
	journal = {Journal of High Energy Physics},
	volume = {2},
	pages = {020},
	doi = {10.1088/1126-6708/2000/02/020}
}

@article{GBLMV_2002,
	title = {Infinitely many star products to play with},
	author = {Gracia-Bondia, J. M. and Lizzi, F. and Marmo, G. and Vitale, P.},
	year = {2002},
	eprinttype = {arxiv},
	eprint = {hep-th/0112092},
	url = {http://arxiv.org/abs/hep-th/0112092},
	journal = {Journal of High Energy Physics},
	volume = {4},
	pages = {026--026},
	doi = {10.1088/1126-6708/2002/04/026}
}

@article{HLSJS_2002,
	title = {Coherent State Induced Star-Product on $\mathbb{R}^3_\lambda$ and the Fuzzy Sphere},
	author = {Hammou, A. B. and Lagraa, M. and Sheikh-Jabbari, M. M.},
	year = {2002},
	eprinttype = {arxiv},
	eprint = {hep-th/0110291},
	url = {http://arxiv.org/abs/hep-th/0110291},
	journal = {Physical Review D},
	volume = {66},
	doi = {10.1103/PhysRevD.66.025025}
}

@article{GVW_2014,
	title = {Quantum gauge theories on noncommutative 3-d space},
	author = {Géré, Antoine and Vitale, Patrizia and Wallet, Jean-Christophe},
	year = {2014},
	eprinttype = {arxiv},
	eprint = {1312.6145},
	url = {http://arxiv.org/abs/1312.6145},
	journal = {Physical Review D},
	volume = {90},
        pages = {045019},
	doi = {10.1103/PhysRevD.90.045019}
}

@article{DF_2004,
	title = {Causal perturbation theory in terms of retarded products, and a proof of the Action Ward Identity},
	author = {Duetsch, Michael and Fredenhagen, Klaus},
	year = {2004},
	eprinttype = {arxiv},
	eprint = {hep-th/0403213},
	url = {http://arxiv.org/abs/hep-th/0403213},
	journal = {Reviews in Mathematical Physics},
	volume = {16},
	pages = {1291--1348},
	doi = {10.1142/S0129055X04002266},
}

@article{DFKR_2014,
	title = {Dimensional Regularization in Position Space, and a Forest Formula for Epstein-Glaser Renormalization},
	author = {Duetsch, Michael and Fredenhagen, Klaus and Keller, Kai Johannes and Rejzner, Katarzyna},
	year = {2014},
	eprinttype = {arxiv},
	eprint = {1311.5424},
	url = {http://arxiv.org/abs/1311.5424},
	journal = {Journal of Mathematical Physics},
	volume = {55},
	pages = {122303},
	doi = {10.1063/1.4902380}
}

@article{LUSCHER_1982,
	title = {Dimensional regularisation in the presence of large background fields},
	author = {Lüscher, M},
	year = {1982},
	journal = {Annals of Physics},
	volume = {142},
	pages = {359--392},
	doi = {10.1016/0003-4916(82)90076-8}
}

@article{BUNCH_1981,
	title = {BPHZ renormalization of $\lambda\phi^4$ field theory in curved spacetime},
	author = {Bunch, T.S.},
	year = {1981},
	journal = {Annals of Physics},
	volume = {131},
	pages = {118--148},
	doi = {10.1016/0003-4916(81)90187-1},
}

@article{ALLEN_1985,
	title = {Vacuum states in de Sitter space},
	author = {Allen, Bruce},
	year = {1985},
	journal = {Physical Review D},
	volume = {32},
	pages = {3136--3149},	
	doi = {10.1103/PhysRevD.32.3136},
}

@article{PS_2014,
	title = {Global Existence of Solutions of the Semiclassical Einstein Equation for Cosmological Spacetimes},
	author = {Pinamonti, Nicola and Siemssen, Daniel},
	year = {2014},
	eprinttype = {arxiv},
	eprint = {1309.6303},
        url = {http://arxiv.org/abs/1309.6303},
	journal = {Communications in Mathematical Physics},
	volume = {334},
	pages = {171--191},
	doi = {10.1007/s00220-014-2099-5},
}

@article{BFLR_2012,
	title = {Algebraic Structure of Classical Field Theory I: Kinematics and Linearized Dynamics for Real Scalar Fields},
	author = {Brunetti, Romeo and Fredenhagen, Klaus and Ribeiro, Pedro Lauridsen},
	year = {2012},
	eprinttype = {arxiv},
	eprint = {1209.2148},
	url = {http://arxiv.org/abs/1209.2148}
}

@article{WITTEN_1986,
	title = {Non-commutative geometry and string field theory},
	author = {Witten, Edward},
	year = {1986},
	journal = {Nuclear Physics B},
	volume = {268},
	pages = {253--294},
	doi = {10.1016/0550-3213(86)90155-0}
}

@article{BDF_2009,
	title = {Perturbative Algebraic Quantum Field Theory and the Renormalization Groups},
	author = {Brunetti, Romeo and Duetsch, Michael and Fredenhagen, Klaus},
	year = {2009},
	eprinttype = {arxiv},
	eprint = {0901.2038},
	url = {http://arxiv.org/abs/0901.2038},
	journal = {Adv. Theor. Math. Phys.},
	volume = {2009},
	pages = {1541--1599},
	doi = {10.4310/ATMP.2009.v13.n5.a7}
}

@article{KAY_2006,
	title = {Quantum field theory in curved spacetime},
	author = {Kay, Bernard S.},
	year = {2006},
	eprinttype = {arxiv},
	eprint = {gr-qc/0601008}
	url = {http://arxiv.org/abs/gr-qc/0601008},
}

@article{HW_2001,
	title = {Local Wick Polynomials and Time Ordered Products of Quantum Fields in Curved Spacetime},
	author = {Hollands, Stefan and Wald, Robert M.},
	year = {2001},
        eprinttype = {arxiv},
	eprint = {0103074},
        url = {http://arxiv.org/abs/gr-qc/0103074},
	journal = {Communications in Mathematical Physics},
	volume = {223},
	pages = {289--326},
	doi = {10.1007/s002200100540}
}

@article{BF_1997,
	title = {Interacting Quantum Fields on a Curved Background},
	author = {Brunetti, Romeo and Fredenhagen, Klaus},
	year = {1997},
	eprinttype = {arxiv},
	eprint = {hep-th/9709011},
	url = {http://arxiv.org/abs/hep-th/9709011}
}

@article{HV_2012,
	title = {On the Stress-Energy Tensor of Quantum Fields in Curved Spacetimes - Comparison of Different Regularization Schemes and Symmetry of the Hadamard/Seeley - DeWitt Coefficients},
	author = {Hack, Thomas-Paul and Moretti, Valter},
	year = {2012},
	eprinttype = {arxiv},
	eprint = {1202.5107},
	url = {http://arxiv.org/abs/1202.5107},
	journal = {Journal of Physics A: Mathematical and Theoretical},
	volume = {45},
	pages = {374019},
	doi = {10.1088/1751-8113/45/37/374019}
}

@article{PINAMONTI_2011,
	title = {On the initial conditions and solutions of the semiclassical Einstein equations in a cosmological scenario},
        author = {Pinamonti, Nicola},
	year = {2011},
	eprinttype = {arxiv},
	eprint = {1001.0864},
	url = {http://arxiv.org/abs/1001.0864},
        journal = {Communications in Mathematical Physics},
	volume = {305},
	pages = {563--604},
	doi = {10.1007/s00220-011-1268-z}
}

@article{HW_2005,
	title = {Conservation of the stress tensor in perturbative interacting quantum field theory in curved spacetimes},
	author = {Hollands, Stefan and Wald, Robert M.},
	year = {2005},
	eprinttype = {arxiv},
	eprint = {gr-qc/0404074},
	url = {http://arxiv.org/abs/gr-qc/0404074},
	journal = {Reviews in Mathematical Physics},
	volume = {17},
	pages = {227--311},
	doi = {10.1142/S0129055X05002340}
}

@article{EG_1973,
	title = {The role of locality in perturbation theory},
	author = {Epstein, H. and Glaser, V.},
	year = {1973},
	journal = {Annales de l'institut Henri Poincaré (A) Physique théorique},
	volume = {19},
	pages = {211--295},
        url = {http://eudml.org/doc/75788},
}

@article{HW_2003,
	title = {On the Renormalization Group in Curved Spacetime},
	author = {Hollands, Stefan and Wald, Robert M.},
	year = {2003},
	eprinttype = {arxiv},
	eprint = {0209029},
	url = {http://arxiv.org/abs/gr-qc/0209029},
	journal = {Communications in Mathematical Physics},
	volume = {237},
	pages = {123--160},
	doi = {10.1007/s00220-003-0837-1}
}

@article{RADZIKOWSKI_1996,
	title = {Micro-local approach to the Hadamard condition in quantum field theory on curved space-time},
	author = {Radzikowski, Marek J.},
	year = {1996},
	journal = {Communications in Mathematical Physics},
	volume = {179},
	pages = {529--553},
	doi = {10.1007/BF02100096},
}

@article{BILAL_2013,
	title = {Multi-Loop Zeta Function Regularization and Spectral Cutoff in Curved Spacetime},
	author = {Bilal, Adel and Ferrari, Frank},
	year = {2013},
	eprinttype = {arxiv},
	eprint = {1307.1689},
	url = {http://arxiv.org/abs/1307.1689},
	journal = {Nuclear Physics B},
	volume = {877},
        pages = {956--1027},
	doi = {10.1016/j.nuclphysb.2013.10.003}
}

@article{TOMS_1982,
	title = {Renormalization of interacting scalar field theories in curved space-time},
	author = {Toms, David J.},
	year = {1982},
	journal = {Physical Review D},
	volume = {26},
	pages = {2713--2729},
	doi = {10.1103/PhysRevD.26.2713},
}

@article{BF_2000,
	title = {Microlocal Analysis and Interacting Quantum Field Theories: Renormalization on Physical Backgrounds},
	author = {Brunetti, Romeo and Fredenhagen, Klaus},
	year = {2000},
	eprinttype = {arxiv},
	eprint = {math-ph/9903028},
	url = {http://arxiv.org/abs/math-ph/9903028},
	journal = {Communications in Mathematical Physics},
	volume = {208},
	pages = {623--661},
	doi = {10.1007/s002200050004}
}

@article{BFK_1996,
	title = {The microlocal spectrum condition and Wick polynomials of free fields on curved spacetimes},
	author = {Brunetti, R. and Fredenhagen, K. and Koehler, M.},
	year = {1996},
	eprinttype = {arxiv},
	eprint = {gr-qc/9510056},
	url = {http://arxiv.org/abs/gr-qc/9510056},
	journal = {Communications in Mathematical Physics},
	volume = {180},
	pages = {633--652},
	doi = {10.1007/BF02099626}
}

@article{BFV_2003,
	title = {The generally covariant locality principle -- A new paradigm for local quantum physics},
        author = {Brunetti, Romeo and Fredenhagen, Klaus and Verch, Rainer},
	year = {2003},
        eprinttype = {arxiv},
	eprint = {math-ph/0112041},	
        url = {http://arxiv.org/abs/math-ph/0112041},
	journal = {Communications in Mathematical Physics},
        volume = {237},
        pages = {31--68},
	doi = {10.1007/s00220-003-0815-7}
}

@article{DANG_2015,
	title = {Complex powers of analytic functions and meromorphic renormalization in QFT},
	author = {Dang, Nguyen Viet},
	year = {2015},
        eprinttype = {arxiv},
	eprint = {1503.00995},	
        url = {http://arxiv.org/abs/1503.00995}
}

@article{DHP_2015,
	title = {The generalised principle of perturbative agreement and the thermal mass},
	author = {Drago, Nicolò and Hack, Thomas-Paul and Pinamonti, Nicola},
	year = {2015},
	eprinttype = {arxiv},
	eprint = {1502.02705},
	url = {http://arxiv.org/abs/1502.02705}
}

@article{DF_2001,
	title = {Algebraic Quantum Field Theory, Perturbation Theory, and the Loop Expansion},
	author = {Duetsch, M. and Fredenhagen, K.},
	year = {2001},
	eprinttype = {arxiv},
	eprint = {hep-th/0001129},
	url = {http://arxiv.org/abs/hep-th/0001129},
	journal = {Communications in Mathematical Physics},
	volume = {219},
	pages = {5--30},
	doi = {10.1007/PL00005563}
}

@article{BW_2014,
	title = {On-shell extension of distributions},
	author = {Bahns, Dorothea and Wrochna, Michał},
	year = {2014},
	eprinttype = {arxiv},
	eprint = {1210.5448},
	url = {http://arxiv.org/abs/1210.5448},
	journal = {Annales Henri Poincaré},
	volume = {15},
	pages = {2045--2067},
	doi = {10.1007/s00023-013-0288-y}
}

@article{PV_1949,
	title = {On the Invariant Regularization in Relativistic Quantum Theory},
	author = {Pauli, W. and Villars, F.},
	year = {1949},
	journal = {Reviews of Modern Physics},
	volume = {21},
	pages = {434--444},
	doi = {10.1103/RevModPhys.21.434},
}

@article{FL_2014,
	title = {Construction of KMS States in Perturbative QFT and Renormalized Hamiltonian Dynamics},
	author = {Fredenhagen, Klaus and Lindner, Falk},
	year = {2014},
	eprinttype = {arxiv},
	eprint = {1306.6519},
	url = {http://arxiv.org/abs/1306.6519},
	journal = {Communications in Mathematical Physics},
	volume = {332},
	pages = {895--932},
	doi = {10.1007/s00220-014-2141-7}
}

@article{PS_2015,
	title = {Scale-Invariant Curvature Fluctuations from an Extended Semiclassical Gravity},
	author = {Pinamonti, Nicola and Siemssen, Daniel},
	year = {2015},
	eprinttype = {arxiv},
	eprint = {1303.3241},
	url = {http://arxiv.org/abs/1303.3241},
	journal = {Journal of Mathematical Physics},
	volume = {56},
	pages = {022303},
	doi = {10.1063/1.4908127}
}

@article{FR_2013,
	title = {Batalin-Vilkovisky formalism in perturbative algebraic quantum field theory},
	author = {Fredenhagen, Klaus and Rejzner, Katarzyna},
	year = {2013},
	eprinttype = {arxiv},
	eprint = {1110.5232},
	url = {http://arxiv.org/abs/1110.5232},
	journal = {Communications in Mathematical Physics},
	volume = {317},
	pages = {697--725},
	doi = {10.1007/s00220-012-1601-1}
}

@article{FR_2014,
	title = {QFT on curved spacetimes: axiomatic framework and examples},
	author = {Fredenhagen, Klaus and Rejzner, Katarzyna},
	year = {2014},
	eprinttype = {arxiv},
	eprint = {1412.5125},
	url = {http://arxiv.org/abs/1412.5125}
}

@article{BCK_2010,
	title = {Coupled scalar fields in a flat {FRW} universe: renormalisation},
	author = {Baacke, Jurgen and Covi, Laura and Kevlishvili, Nina},
	year = {2010},
	eprinttype = {arxiv},
	eprint = {1006.2376},
	url = {http://arxiv.org/abs/1006.2376},
	journal = {Journal of Cosmology and Astroparticle Physics},
	volume = {1008},
	pages = {026},
	doi = {10.1088/1475-7516/2010/08/026}
}

@article{HOLLANDS_2010,
	title = {Correlators, Feynman diagrams, and quantum no-hair in deSitter spacetime},
	author = {Hollands, Stefan},
	year = {2010},
	eprinttype = {arxiv},
	eprint = {1010.5367},
	url = {http://arxiv.org/abs/1010.5367},
	journal = {Commun. Math. Phys.},
	volume = {319},
	pages = {1--68},
	doi = {10.1007/s00220-012-1653-2}
}

@article{HW_2002,
	title = {Existence of Local Covariant Time Ordered Products of Quantum Fields in Curved Spacetime},
	author = {Hollands, Stefan and Wald, Robert M.},
	year = {2002},
	eprinttype = {arxiv},
	eprint = {gr-qc/0111108}
	url = {http://arxiv.org/abs/gr-qc/0111108},
	journal = {Communications in Mathematical Physics},
	volume = {231},
	pages = {309--345},
	doi = {10.1007/s00220-002-0719-y}
}

@article{CHL_1995,
	title = {A Generic Renormalization Method in Curved Spaces and at Finite Temperature},
        author = {Comellas, J. and Haagensen, P. E. and Latorre, J. I.},
	year = {1995},
	eprinttype = {arxiv},
	eprint = {hep-th/9404080},	
        url = {http://arxiv.org/abs/hep-th/9404080},
	journal = {International Journal of Modern Physics A},
        volume = {10},
	pages = {2819--2839},
	doi = {10.1142/S0217751X95001339}
}

@article{MORETTI_2000,
	title = {Proof of the symmetry of the off-diagonal Hadamard/Seeley-deWitt's coefficients in $C^\infty$ Lorentzian manifolds by a local Wick rotation},
	author = {Moretti, Valter},
	year = {2000},
	eprinttype = {arxiv},
	eprint = {gr-qc/9908068},
	url = {http://arxiv.org/abs/gr-qc/9908068},
	journal = {Communications in Mathematical Physics},
	volume = {212},
	pages = {165--189},
	doi = {10.1007/s002200000202}
}

@article{MORETTI_2003,
	title = {Comments on the Stress-Energy Tensor Operator in Curved Spacetime},
	author = {Moretti, Valter},
	year = {2003},
	eprinttype = {arxiv},
	eprint = {gr-qc/0109048},
	url = {http://arxiv.org/abs/gr-qc/0109048},
	journal = {Communications in Mathematical Physics},
	volume = {232},
	pages = {189--221},
	doi = {10.1007/s00220-002-0702-7}
}

@article{PPV_2011,
	title = {The motion of point particles in curved spacetime},
	author = {Poisson, Eric and Pound, Adam and Vega, Ian},
	year = {2011},
	eprinttype = {arxiv},
	eprint = {1102.0529},
	url = {http://arxiv.org/abs/1102.0529},
	journal = {Living Reviews in Relativity},
	volume = {14},
        pages = {7},
	doi = {10.12942/lrr-2011-7}
}

@article{PRANGE_1999,
	title = {Epstein-Glaser renormalization and differential renormalization},
	author = {Prange, Dirk},
	year = {1999},
	journal = {Journal of Physics A: Mathematical and General},
	pages = {2225},
	volume = {32},
        pages = {2225--2238},
	doi = {10.1088/0305-4470/32/11/015}
}

@article{ZSCHOCHE_2014,
	title = {The Chaplygin Gas Equation of State for the Quantized Free Scalar Field on Cosmological Spacetimes},
	author = {Zschoche, Jan},
	year = {2014},
	eprinttype = {arxiv},
	eprint = {1303.4992},
	url = {http://arxiv.org/abs/1303.4992},
	journal = {Annales Henri Poincaré},
	volume = {15},
	pages = {1285--1325},
	doi = {10.1007/s00023-013-0281-5}
}

@article{BDH_2014,
	title = {A smooth introduction to the wavefront set},
	author = {Brouder, Christian and Dang, Nguyen Viet and Hélein, Frédéric},
	year = {2014},
	eprinttype = {arxiv},
	eprint = {1404.1778},
	url = {http://arxiv.org/abs/1404.1778},
	journal = {Journal of Physics A: Mathematical and Theoretical},
	volume = {47},
	pages = {443001},
	doi = {10.1088/1751-8113/47/44/443001}
}

@article{THV_1972,
	title = {Regularization and renormalization of gauge fields},
	author = {G. 't Hooft and M. Veltman},
	year = {1972},
        journal = {Nuclear Physics B},
	volume = {44},
	pages = {189--213}
}

@article{HK_1964,
	title = {An Algebraic Approach to Quantum Field Theory},
	author = {Haag, Rudolf and Kastler, Daniel},
        year = {1964},
	journal = {Journal of Mathematical Physics},	
	volume = {5},
	pages = {848--861},
	doi = {10.1063/1.1704187}
}

@article{BG_1972,
	title = {Dimensional renorinalization : The number of dimensions as a regularizing parameter},
        author = {Bollini, C. G. and Giambiagi, J. J.},
	year = {1972},	
        journal = {Il Nuovo Cimento B},
        volume = {12},
	pages = {20--26},	
	doi = {10.1007/BF02895558}	
}

@article{DF_2006,
	title = {Off-diagonal coefficients of the DeWitt-Schwinger and Hadamard representations of the Feynman propagator},
        author = {Décanini, Yves and Folacci, Antoine},
	year = {2006},
	eprinttype = {arxiv},
	eprint = {gr-qc/0511115},	
	url = {http://arxiv.org/abs/gr-qc/0511115},
	journal = {Physical Review D},
        volume = {73},
        pages = {044027},
	doi = {10.1103/PhysRevD.73.044027}
}

@article{SPEER_1974,
	title = {Analytic renormalization using many space-time dimensions},
	author = {Speer, Eugene R.},
	year = {1974},
	journal = {Communications in Mathematical Physics},
	volume = {37},
	pages = {83--92},
        url = {http://projecteuclid.org/euclid.cmp/1103859813}
}

@article{CHRISTENSEN_1976,
	title = {Vacuum expectation value of the stress tensor in an arbitrary curved background: The covariant point-separation method},
	author = {Christensen, S. M.},
	year = {1976},
	journal = {Physical Review D},
	volume = {14},
	pages = {2490--2501},
	doi = {10.1103/PhysRevD.14.2490}
}

@article{SPEER_1968,
	title = {Analytic Renormalization},
	author = {Speer, Eugene R.},
	year = {1968},
	journal = {Journal of Mathematical Physics},
	volume = {9},
	pages = {1404--1410},
	doi = {10.1063/1.1664729}
}

@article{WALD_1978,
	title = {Trace anomaly of a conformally invariant quantum field in curved spacetime},
        author = {Wald, Robert M.},
	year = {1978},	
        journal = {Physical Review D},
        volume = {17},
	pages = {1477--1484},
	doi = {10.1103/PhysRevD.17.1477}	
}

@article{KAY_1991,
	title = {Theorems on the uniqueness and thermal properties of stationary, nonsingular, quasifree states on spacetimes with a bifurcate killing horizon},
	author = {Kay, Bernard S. and Wald, Robert M.},
	year = {1991},
	journal = {Physics Reports},
	volume = {207},
	pages = {49--136},
	doi = {10.1016/0370-1573(91)90015-E}
}
